% Encoding: UTF-8

@Misc{madan-uprety,
  author       = {Madan Uprety},
  title        = {{Dot Net Programming ({\cs}, VB \& ASP)}},
  year         = {2020},
  location     = {Birtamod, Jhapa},
  organization = {{Gomendra} {Multiple} {College}},
  subtitle     = {{BCA-VIII}},
  url          = {http://madan.surge.sh/},
}

@book{ID,
	author = {{Bill Evjen} and  {Scott Hanselman} and {Farhan Muhammad} and {Srinivasa Sivakumarm} and {Devin Rader}},
	title = {Professional ASP.NET 2.0},
	publisher = {{Wiley Publishing, Inc}},
	location = {{10475 Crosspoint Boulevard, Indianapolis, IN 46256}},
	isbn = {978-0-7645-7610-2},
	language = {en-us},
	url      = {https://www.wiley.com/en-us/Professional+ASP+NET+2+0+-p-9780764576102},

}


@misc{noauthor_difference_nodate,
	title = {Difference between object and class - javatpoint},
	url = {https://www.javatpoint.com/difference-between-object-and-class},
	abstract = {Difference between object and class in java, let's see the object vs class in java with examples, there is given a list of  main differences between object and class.},
	urldate = {2021-02-21},
	journal = {www.javatpoint.com},
	file = {Snapshot:https\://www.javatpoint.com/difference-between-object-and-class:text/html}
}


@misc{noauthor_c_nodate,
	title = {{\cs} {Interface} - javatpoint},
	url = {https://www.javatpoint.com/c-sharp-interface},
	abstract = {{\cs} Interface for beginners and professionals with examples on overloading, method overriding, inheritance, aggregation, base, polymorphism, sealed, abstract, interface, namespaces, exception handling, file io, collections, multithreading, reflection etc.},
	urldate = {2021-02-21},
	journal = {www.javatpoint.com},
	file = {Snapshot:https\://www.javatpoint.com/c-sharp-interface:text/html}
}


@misc{noauthor_vb.net_nodate,
	title = {{VB}.{NET} {Classes} and {Object} - {Javatpoint}},
	url = {https://www.javatpoint.com/vb-net-classes-and-object},
	abstract = {VB.NET Classes and Object with What is VB.NET, VB.NET and Visual Basic, VB.NET vs {\cs}, VB.NET vs Java, VB.NET Keywords, VB.NET Data Types, VB.NET Operators, VB.NET Loops, VB.NET GUI etc.},
	urldate = {2021-02-21},
	journal = {www.javatpoint.com},
	file = {Snapshot:https\://www.javatpoint.com/vb-net-classes-and-object:text/html}
}



@Misc{b,
  title    = {Command-{Line} {Arguments} - {\cs} {Programming} {Guide}},
  abstract = {Learn about command-line arguments. See an example that uses command-line arguments in a console application.},
  file     = {Snapshot:https\://docs.microsoft.com/en-us/dotnet/csharp/programming-guide/main-and-command-args/command-line-arguments:text/html},
  language = {en-us},
  url      = {https://docs.microsoft.com/en-us/dotnet/csharp/programming-guide/main-and-command-args/command-line-arguments},
}

@Misc{f,
  title    = {Objects - {\cs} {Programming} {Guide}},
  abstract = {{\cs} uses a class or struct definition to define types of objects. In an object-oriented language such as {\cs}, a program consists of objects interacting dynamically.},
  file     = {Snapshot:https\://docs.microsoft.com/en-us/dotnet/csharp/programming-guide/classes-and-structs/objects:text/html},
  language = {en-us},
  url      = {https://docs.microsoft.com/en-us/dotnet/csharp/programming-guide/classes-and-structs/objects},
}

@Misc{label,
  title    = {{\cs} {Label} {Control}},
  abstract = {We can use the Label control to display text in a set location on the page, also be used to add descriptive text to a Form to provide the user with helpful information.},
  language = {en},
  url      = {http://csharp.net-informations.com/gui/label.htm},
  urldate  = {2021-01-04},
}

@Misc{button,
  title    = {{\cs} {Button} {Control}},
  abstract = {The Button class inherits directly from the ButtonBase class. A Button can be clicked by using the mouse, ENTER key, or SPACEBAR if the button has focus.},
  language = {en},
  url      = {http://csharp.net-informations.com/gui/button.htm},
  urldate  = {2021-01-04},
}

@Misc{text-box,
  title    = {{\cs} {TextBox} {Control}},
  abstract = {TextBox control has additional functionality that is not found in the standard Windows text box control, including multiline editing and password character masking.},
  language = {en},
  url      = {http://csharp.net-informations.com/gui/cs-textbox.htm},
  urldate  = {2021-01-04},
}

@Misc{combo-box,
  title    = {{\cs} {ComboBox}},
  abstract = {A ComboBox displays a text box combined with a ListBox, which enables the user to select items from the list or enter a new value},
  language = {en},
  url      = {http://csharp.net-informations.com/gui/cs-combobox.htm},
  urldate  = {2021-01-04},
}

@Misc{checked-list-box,
  title    = {{\cs} {Checked} {ListBox} {Control}},
  abstract = {The user can place a check mark by one or more items and the checked items can be navigated with the CheckedListBox.CheckedItemCollection and CheckedListBox.CheckedIndexCollection},
  language = {en},
  url      = {http://csharp.net-informations.com/gui/cs-checkedlistbox.htm},
  urldate  = {2021-01-04},
}

@Misc{radio-button-control,
  title    = {{\cs} {RadioButton} {Control}},
  abstract = {The RadioButton control can display text, an Image, or both. Use the Checked property to get or set the state of a RadioButton},
  language = {en},
  url      = {http://csharp.net-informations.com/gui/cs-radiobutton.htm},
  urldate  = {2021-01-04},
}

@Misc{checkbox-control,
  title    = {{\cs} {CheckBox} {Control}},
  abstract = {The CheckBox control can display an image or text or both. Usually CheckBox comes with a caption, which you can set in the Text property.},
  language = {en},
  url      = {http://csharp.net-informations.com/gui/cs-checkbox.htm},
  urldate  = {2021-01-04},
}

@Misc{progress-bar,
  title    = {{\cs} {ProgressBar} {Control}},
  abstract = {A progress bar is a control that an application can use to indicate the progress of a lengthy operation such as calculating a complex result, downloading a large file from the Web etc.},
  language = {en},
  url      = {http://csharp.net-informations.com/gui/cs-progressbar.htm},
  urldate  = {2021-01-04},
}

@Misc{date-time-picker,
  title    = {{\cs} {DateTimePicker} {Control}},
  abstract = {The DateTimePicker control has two parts, a label that displays the selected date and a popup calendar that allows users to select a new date},
  language = {en},
  url      = {http://csharp.net-informations.com/gui/cs-datetimepicker.htm},
  urldate  = {2021-01-04},
}

@Misc{menu-control,
  title    = {{\cs} {Menu} {Control}},
  abstract = {MainMenu is the container for the Menu structure of the form and menus are made of MenuItem objects that represent individual parts of a menu.},
  language = {en},
  url      = {http://csharp.net-informations.com/gui/cs-menu.htm},
  urldate  = {2021-01-04},
}

@Misc{mdi-form,
  title    = {{\cs} {MDI} {Form}},
  abstract = {MDI applications often have a Window menu item with submenus for switching between windows or documents},
  url      = {http://csharp.net-informations.com/gui/cs-mdi-form.htm},
  urldate  = {2021-01-04},
}

@Misc{timer-control,
  title    = {{\cs} {Timer} {Control}},
  abstract = {We have to use Timer Object when we want to set an interval between events, periodic checking, to start a process at a fixed time schedule, to increase or decrease the speed in an animation graphics with time schedule etc.},
  url      = {http://csharp.net-informations.com/gui/timer-cs.htm},
  urldate  = {2021-01-04},
}

@Misc{picture-box,
  title    = {{\cs} {PictureBox} {Control}},
  abstract = {You can set the Image property to the Image you want to display, either at design time or at run time},
  url      = {http://csharp.net-informations.com/gui/cs-picturebox.htm},
  urldate  = {2021-01-04},
}

@Misc{2015,
  month    = nov,
  title    = {Standard {Controls} and {Components} {\cs} {Assignment} {Help}, {Online} {C} {Sharp} {Project} \& {Homework} {Help}},
  year     = {2015},
  abstract = {Standard Controls and Components {\cs} Assignment Help, Online {\cs} Homework \& Project Help The previous section covered some of the common methods and properties for controls, This sectionÂ looks at the various controls that ship with the .NET Fra},
  chapter  = {Windows forms},
  journal  = {CSharpAid.com},
  url      = {https://csharpaid.com/standard-controls-and-components-14171},
  urldate  = {2021-01-04},
}

@Misc{KathleenDollard,
  title   = {Procedures - {Visual} {Basic}},
  url     = {https://docs.microsoft.com/en-us/dotnet/visual-basic/programming-guide/language-features/procedures/},
  urldate = {2021-01-21},
}

@Misc{KathleenDollarda,
  author   = {KathleenDollard},
  title    = {Sub procedures - {Visual} {Basic}},
  url      = {https://docs.microsoft.com/en-us/dotnet/visual-basic/programming-guide/language-features/procedures/sub-procedures},
  urldate  = {2021-01-21},
}

@online{tutspoint,
	title = {{VB.Net Programming Tutorial}},
	date = {2015},
	url = {https://www.tutorialspoint.com/vb.net/},
	organization = {Tutorials Point (I) Pvt. Ltd. },
	urldate = {2021-01-26},
}

@misc{noauthor_ultimate_2020,
	title = {Ultimate {Guide} to {IIS} {Server}: {What} {Is} {IIS}? {IIS} {Tutorial} - {DNSstuff}},
	shorttitle = {Ultimate {Guide} to {IIS} {Server}},
	url = {https://www.dnsstuff.com/windows-iis-server-tools},
	abstract = {IIS is an extensible web server from Microsoft. Find out how IIS server works, features, how to manage, and list of best tools for monitoring IIS.},
	urldate = {2021-01-28},
	journal = {Software Reviews, Opinions, and Tips - DNSstuff},
	month = feb,
	year = {2020}
}


@misc{noauthor_what_nodate,
	title = {What is {Microsoft} .{Net} {Framework}},
	url = {http://vb.net-informations.com/framework/what_is_net_framework.htm},
	abstract = {The .Net Framework provides the necessary compile time and run-time foundation to build and run any language that conforms to the Common Language Specification},
	urldate = {2021-01-28}
}

@Misc{abc9,
	title    = {How to {Managed} {Code} - {Microsoft} .{Net} {Framework}},
	abstract = {Managed Code in Microsoft .Net Framework, is the code that has executed by the Common Language Runtime (CLR) environment},
	url      = {http://vb.net-informations.com/framework/managed_code.htm},
	urldate  = {2021-01-28},
}

@Misc{abc8,
	title    = {What is {Microsoft} {Just} {In} {Time} {Compiler}},
	abstract = {The Common Language Runtime (CLR) provides various Just In Time compilers (JIT) and each works on a different architecture depending on Operating System},
	url      = {http://vb.net-informations.com/framework/just_in_time_compiler.htm},
	urldate  = {2021-01-28},
}

@Misc{abc7,
	title    = {What is {Microsoft} {Intermediate} {Language}},
	abstract = {Microsoft Intermediate Language (MSIL) is a CPU-independent set of instructions that can be efficiently converted to the native code},
	url      = {http://vb.net-informations.com/framework/microsoft_intermediate_language.htm},
	urldate  = {2021-01-28},
}

@Misc{abc6,
	title    = {What is {Common} {Type} {System}},
	abstract = {Common Type System (CTS) describes a set of types that can be used in different .Net languages in common . That is , the CTS ensure that objects written in different .Net languages can interact with each other},
	url      = {http://vb.net-informations.com/framework/common_type_system.htm},
	urldate  = {2021-01-28},
}

@Misc{abc5,
	title    = {What is {Common} {Language} {Specification}},
	abstract = {Common Language Specification (CLS) is a set of basic language features that .Net Languages needed to develop Applications and Services , which are compatible with the .Net Framework.},
	url      = {http://vb.net-informations.com/framework/common_language_specification.htm},
	urldate  = {2021-01-28},
}

@Misc{abc4,
	title    = {What is .{Net} {Framework} {Class} {Library}},
	abstract = {The .Net Framework Class Library (FCL) includes a huge collection of reusable classes , interfaces, and value types that expedite and optimize the development process and provide access to system functionality},
	url      = {http://vb.net-informations.com/framework/framework_class_library.htm},
	urldate  = {2021-01-28},
}

@Misc{abc3,
	title    = {How to {Common} {Language} {Runtime}},
	abstract = {How to Common Language Runtime - The main function of Common Language Runtime (CLR) is to convert the Managed Code into native code and then execute the Program},
	url      = {http://vb.net-informations.com/framework/functions_of_common_language_runtime.htm},
	urldate  = {2021-01-28},
}

@Misc{abc2,
	title    = {what are the functions of microsoft .net framework?},
	abstract = {How to Microsoft .Net Framework - Microsoft .Net Languages Source Code are compiled into Microsoft Intermediate Language (MSIL)},
	url      = {http://vb.net-informations.com/framework/How_to_net_framework.htm},
	urldate  = {2021-01-28},
}

@Misc{abc1,
	title    = {Advantages of {ADO}.{Net} over {ADO}},
	abstract = {ADO stands for ActiveX Data Objects and it relies on COM whereas ADO.NET relies on managed providers defined by the .NET CLR},
	url      = {http://vb.net-informations.com/ado.net/ado.net-advantages.htm},
	urldate  = {2021-01-28},
}


@misc{adegeo_types_nodate,
	title = {Types of custom controls - {Windows} {Forms} .{NET}},
	url = {https://docs.microsoft.com/en-us/dotnet/desktop/winforms/controls/custom},
	abstract = {Learn about the different types of custom controls you can create in Windows Forms for .NET.},
	urldate = {2021-01-28},
	author = {{Andy De George}},
}


@Misc{aaaa,
	title        = {{ADO}.{Net} {Connection} - javatpoint},
	url          = {https://www.javatpoint.com/ado-net-connection},
	urldate      = {2021-01-28},
}

@Misc{bbbb,
	title        = {{ADO}.{Net} {Command} - javatpoint},
	url          = {https://www.javatpoint.com/ado-net-command},
	urldate      = {2021-01-28},
}

@Misc{ccccc,
	title        = {{ADO}.{Net} {Datareader} - javatpoint},
	url          = {https://www.javatpoint.com/ado-net-datareader},
	urldate      = {2021-01-28},
}


@misc{adegeo_user_nodate,
	title = {User input validation - {Windows} {Forms} .{NET}},
	url = {https://docs.microsoft.com/en-us/dotnet/desktop/winforms/input-keyboard/validation},
	abstract = {Learn about several ways that you can use Windows Forms to validate user input in your applications.},
	urldate = {2021-02-21},
	author = {adegeo}
}


@misc{noauthor_c_nodatve,
	title = {{\cs} {DataGridView} {Database} {Operations}},
	url = {http://csharp.net-informations.com/datagridview/csharp-datagridview-database-operations.htm},
	abstract = {The DataGridView can display data in Bound mode, unbound mode and Virtual mode . Bound mode is suitable for managing data using automatic interaction with the data store},
	urldate = {2021-02-22},
	file = {Snapshot:http\://csharp.net-informations.com/datagridview/csharp-datagridview-database-operations.htm:text/html}
}

@Misc{axtr,
	title    = {How to create a {DataView}},
	abstract = {We can create DataView in two different ways. We can use the DataView constructor, or you can create a reference to the DefaultView property of the DataTable},
	file     = {Snapshot:http\://csharp.net-informations.com/dataview/create-dataview.htm:text/html},
	url      = {http://csharp.net-informations.com/dataview/create-dataview.htm},
	urldate  = {2021-02-22},
}


@Comment{jabref-meta: databaseType:bibtex;}
